@article{sayadnavard2022multi,
  title={A multi-objective approach for energy-efficient and reliable dynamic VM consolidation in cloud data centers},
  author={Sayadnavard, Monireh H and Haghighat, Abolfazl Toroghi and Rahmani, Amir Masoud},
  journal={Engineering science and technology, an International Journal},
  volume={26},
  pages={100995},
  year={2022},
  publisher={Elsevier}
}

@article{speitkamp2010mathematical,
  title={A mathematical programming approach for server consolidation problems in virtualized data centers},
  author={Speitkamp, Benjamin and Bichler, Martin},
  journal={IEEE Transactions on services computing},
  volume={3},
  number={4},
  pages={266--278},
  year={2010},
  publisher={IEEE}
}

@article{zhang2015burstiness,
  title={Burstiness-aware resource reservation for server consolidation in computing clouds},
  author={Zhang, Sheng and Qian, Zhuzhong and Luo, Zhaoyi and Wu, Jie and Lu, Sanglu},
  journal={IEEE Transactions on Parallel and Distributed Systems},
  volume={27},
  number={4},
  pages={964--977},
  year={2015},
  publisher={IEEE}
}

@article{shen2018compvm,
  title={CompVM: A complementary VM allocation mechanism for cloud systems},
  author={Shen, Haiying and Chen, Liuhua},
  journal={IEEE/ACM Transactions On Networking},
  volume={26},
  number={3},
  pages={1348--1361},
  year={2018},
  publisher={IEEE}
}

@article{beloglazov2012managing,
  title={Managing overloaded hosts for dynamic consolidation of virtual machines in cloud data centers under quality of service constraints},
  author={Beloglazov, Anton and Buyya, Rajkumar},
  journal={IEEE transactions on parallel and distributed systems},
  volume={24},
  number={7},
  pages={1366--1379},
  year={2012},
  publisher={IEEE}
}

@article{ponraj2019optimistic,
  title={Optimistic virtual machine placement in cloud data centers using queuing approach},
  author={Ponraj, Anitha},
  journal={Future Generation Computer Systems},
  volume={93},
  pages={338--344},
  year={2019},
  publisher={Elsevier}
}

@article{li2017bayesian,
  title={Bayesian network-based virtual machines consolidation method},
  author={Li, Zhihua and Yan, Chengyu and Yu, Xinrong and Yu, Ning},
  journal={Future Generation Computer Systems},
  volume={69},
  pages={75--87},
  year={2017},
  publisher={Elsevier}
}

@article{mahdhi2018prediction,
  title={A prediction-based VM consolidation approach in IaaS cloud data centers},
  author={Mahdhi, Tarek and Mezni, Haithem},
  journal={Journal of Systems and Software},
  volume={146},
  pages={263--285},
  year={2018},
  publisher={Elsevier}
}