@misc{geyer2017production,
  title={Production, use, and fate of all plastics ever made. Sci Adv 3: e1700782},
  author={Geyer, Roland and Jambeck, Jenna R and Law, Kara Lavender},
  year={2017}
}

@article{jambeck2015plastic,
  title={Plastic waste inputs from land into the ocean},
  author={Jambeck, Jenna R and Geyer, Roland and Wilcox, Chris and Siegler, Theodore R and Perryman, Miriam and Andrady, Anthony and Narayan, Ramani and Law, Kara Lavender},
  journal={science},
  volume={347},
  number={6223},
  pages={768--771},
  year={2015},
  publisher={American Association for the Advancement of Science}
}

@article{hopewell2009plastics,
  title={Plastics recycling: challenges and opportunities},
  author={Hopewell, Jefferson and Dvorak, Robert and Kosior, Edward},
  journal={Philosophical Transactions of the Royal Society B: Biological Sciences},
  volume={364},
  number={1526},
  pages={2115--2126},
  year={2009},
  publisher={The Royal Society}
}

@article{annexcompose,
  title={Compose the OECD Global Plastics Outlook Database},
  author={Annex, A},
  journal={OECD Publishing},
  year={2022},
  url = {https://www.oecd.org/en/publications/global-plastics-outlook_de747aef-en.html},
}

@article{owid-plastic-pollution,
    author = {Hannah Ritchie and Veronika Samborska and Max Roser},
    title = {Plastic Pollution},
    journal = {Our World in Data},
    year = {2023},
    note = {https://ourworldindata.org/plastic-pollution}
}

@techreport{ipccworkinggroupii2022climate,
  title = {Climate Change 2022: Impacts, Adaptation and Vulnerability},
  author = {{IPCC Working Group II}},
  institution = {Intergovernmental Panel on Climate Change},
  year = 2022,
  address = {Geneva},
  url = {https://www.ipcc.ch/report/ar6/wg2/},
  series = {IPCC WGII Sixth Assessment Report},
  keywords = {IPCC adaptation climate_change impact vulnerability},
  langid = {english},
  abstract = {The Working Group II contribution to the Sixth Assessment Report assesses the impacts of climate change, looking at ecosystems, biodiversity, and human communities at global and regional levels. It also reviews vulnerabilities and the capacities and limits of the natural world and human societies to adapt to climate change.}
}

@techreport{china_third_national_communication,
  author       = "{中华人民共和国}",
  title        = "{中国第三次国家信息通报}",
  institution  = "{联合国气候变化框架公约}",
  year         = 2023,
  url          = "{https://unfccc.int/sites/default/files/resource/China_BUR3_Chinese.pdf}",
}

@techreport{biodegradable2010,
  author       = "{水清木华研究中心}",
  title        = "{2010年全球及中国生物降解塑料行业研究报告}",
  institution  = "{水清木华研究中心}",
  year         = 2010,
  url          = "http://www.pday.com.cn/Htmls/Report/201012/24511210.html",
}

@book{UNDP_HDI,
  title     = {Human Development Report},
  author    = {United Nations Development Programme (UNDP)},
  year      = {2023},
  publisher = {UNDP},
  url       = {http://hdr.undp.org/en}
}

@misc{WorldBank_WGI,
  author    = {World Bank},
  title     = {Worldwide Governance Indicators},
  year      = {2023},
  url       = {https://info.worldbank.org/governance/wgi/}
}


@misc{WIPO_GII,
  author    = {World Intellectual Property Organization (WIPO)},
  title     = {Global Innovation Index 2023: The Innovation Frontier},
  year      = {2023},
  publisher = {WIPO},
  url       = {https://www.wipo.int/global_innovation_index/en/}
}

@misc{EPI_Report,
  author    = {Yale Center for Environmental Law and Policy and Center for International Earth Science Information Network},
  title     = {2022 Environmental Performance Index},
  year      = {2022},
  publisher = {Yale University},
  url       = {https://epi.yale.edu/}
}
