@inproceedings{deng2009imagenet,
  title={Imagenet: A large-scale hierarchical image database},
  author={Deng, Jia and Dong, Wei and Socher, Richard and Li, Li-Jia and Li, Kai and Fei-Fei, Li},
  booktitle={2009 IEEE conference on computer vision and pattern recognition},
  pages={248--255},
  year={2009},
  organization={Ieee}
}

@article{Liu2024dtgan,
  title={A Novel Double-Tail Generative Adversarial Network for Fast Photo Animation},
  author={Gang LIU and Xin CHEN and Zhixiang GAO},
  journal={IEICE Transactions on Information and Systems},
  volume={E107.D},
  number={1},
  pages={72-82},
  year={2024},
  doi={10.1587/transinf.2023EDP7061}
}

@inproceedings{huang2017arbitrary,
  title={Arbitrary style transfer in real-time with adaptive instance normalization},
  author={Huang, Xun and Belongie, Serge},
  booktitle={Proceedings of the IEEE international conference on computer vision},
  pages={1501--1510},
  year={2017}
}