@article{dean2008mapreduce,
  title={MapReduce: simplified data processing on large clusters},
  author={Dean, Jeffrey and Ghemawat, Sanjay},
  journal={Communications of the ACM},
  volume={51},
  number={1},
  pages={107--113},
  year={2008},
  publisher={ACM New York, NY, USA}
}

@inproceedings{gunarathne2010mapreduce,
  title={MapReduce in the Clouds for Science},
  author={Gunarathne, Thilina and Wu, Tak-Lon and Qiu, Judy and Fox, Geoffrey},
  booktitle={2010 IEEE second international conference on cloud computing technology and science},
  pages={565--572},
  year={2010},
  organization={IEEE}
}

@inproceedings{ali2013cloud,
  title={Cloud computing applications},
  author={Ali, Maaruf and Miraz, Mahdi H},
  booktitle={Proceedings of the International Conference on Cloud Computing and eGovernance},
  volume={1},
  year={2013}
}

@article{wang2013influences,
  title={Influences of cloud computing on e-commerce businesses and industry},
  author={Wang, Danping},
  year={2013},
  publisher={Scientific Research Publishing},
  journal={Journal of Software Engineering and Applications},
  volume = {6},
  pages = {313--318},
}

@article{kim2017data,
  title={Data scientists in software teams: State of the art and challenges},
  author={Kim, Miryung and Zimmermann, Thomas and DeLine, Robert and Begel, Andrew},
  journal={IEEE Transactions on Software Engineering},
  volume={44},
  number={11},
  pages={1024--1038},
  year={2017},
  publisher={IEEE}
}

@book{white2012hadoop,
  title={Hadoop: The definitive guide},
  author={White, Tom},
  year={2012},
  publisher={" O'Reilly Media, Inc."}
}

@article{zaharia2016apache,
author = {Zaharia, Matei and Xin, Reynold S. and Wendell, Patrick and Das, Tathagata and Armbrust, Michael and Dave, Ankur and Meng, Xiangrui and Rosen, Josh and Venkataraman, Shivaram and Franklin, Michael J. and Ghodsi, Ali and Gonzalez, Joseph and Shenker, Scott and Stoica, Ion},
title = {Apache Spark: a unified engine for big data processing},
year = {2016},
issue_date = {November 2016},
publisher = {Association for Computing Machinery},
address = {New York, NY, USA},
volume = {59},
number = {11},
issn = {0001-0782},
url = {https://doi.org/10.1145/2934664},
doi = {10.1145/2934664},
abstract = {This open source computing framework unifies streaming, batch, and interactive big data workloads to unlock new applications.},
journal = {Commun. ACM},
month = oct,
pages = {56â€“65},
numpages = {10}
}

@INPROCEEDINGS{katsifodimos2016apache,
  author={Katsifodimos, Asterios and Schelter, Sebastian},
  booktitle={2016 IEEE International Conference on Cloud Engineering Workshop (IC2EW)}, 
  title={Apache Flink: Stream Analytics at Scale}, 
  year={2016},
  volume={},
  number={},
  pages={193-193},
  keywords={Electronic mail;Programming;Query processing;Distributed databases;Terrestrial atmosphere;Tutorials;Data analysis},
  doi={10.1109/IC2EW.2016.56}
}

@inproceedings{peng2010large,
  title={Large-scale incremental processing using distributed transactions and notifications},
  author={Peng, Daniel and Dabek, Frank},
  booktitle={9th USENIX Symposium on Operating Systems Design and Implementation (OSDI 10)},
  year={2010}
}

@inproceedings{malewicz2010pregel,
  title={Pregel: a system for large-scale graph processing},
  author={Malewicz, Grzegorz and Austern, Matthew H and Bik, Aart JC and Dehnert, James C and Horn, Ilan and Leiser, Naty and Czajkowski, Grzegorz},
  booktitle={Proceedings of the 2010 ACM SIGMOD International Conference on Management of data},
  pages={135--146},
  year={2010}
}

@article{melnik2010dremel,
  title={Dremel: interactive analysis of web-scale datasets},
  author={Melnik, Sergey and Gubarev, Andrey and Long, Jing Jing and Romer, Geoffrey and Shivakumar, Shiva and Tolton, Matt and Vassilakis, Theo},
  journal={Proceedings of the VLDB Endowment},
  volume={3},
  number={1-2},
  pages={330--339},
  year={2010},
  publisher={VLDB Endowment}
}

@inproceedings{ghemawat2003google,
  title={The Google file system},
  author={Ghemawat, Sanjay and Gobioff, Howard and Leung, Shun-Tak},
  booktitle={Proceedings of the nineteenth ACM symposium on Operating systems principles},
  pages={29--43},
  year={2003}
}

@article{chang2008bigtable,
  title={Bigtable: A distributed storage system for structured data},
  author={Chang, Fay and Dean, Jeffrey and Ghemawat, Sanjay and Hsieh, Wilson C and Wallach, Deborah A and Burrows, Mike and Chandra, Tushar and Fikes, Andrew and Gruber, Robert E},
  journal={ACM Transactions on Computer Systems (TOCS)},
  volume={26},
  number={2},
  pages={1--26},
  year={2008},
  publisher={ACM New York, NY, USA}
}

@misc{grpc,
  key   = "gRPC",
  title = "Google Remote Procedure Call",
  note  = "https://grpc.io/"
}