@article{bi:FL,
  title={The status of the P versus NP problem},
  author={Fortnow, Lance},
  journal={Communications of the ACM},
  volume={52},
  number={9},
  pages={78--86},
  year={2009},
}

@article{bi:DCF,
  title={NP 完全问题研究及前景剖析},
  author={杜立智 and 陈和平 and 符海东},
  journal={武汉工程大学学报},
  volume={37},
  number={10},
  pages={73--78},
  year={2015},
}

@book{bi:KRM,
  title={Reducibility among combinatorial problems},
  author={Karp, Richard M},
  publisher={Springer Berlin Heidelberg},
  year={2010},
}

@article{bi:XZL,
  title={一种求解 n 皇后问题的概率回溯复合算法},
  author={徐少飞 and 张立臣 and 李鹏},
  journal={现代计算机},
  year={2021},
}

@article{bi:STV,
  title={A constant-factor approximation algorithm for the asymmetric traveling salesman problem},
  author={Svensson, Ola and Tarnawski, Jakub and Végh, László A},
  journal={Journal of the ACM (JACM)},
  volume={67},
  number={6},
  pages={1--53},
  year={2020},
}

@book{bi:AB,
  title={Computational complexity: a modern approach},
  author={Arora, Sanjeev and Barak, Boaz},
  publisher={Cambridge University Press},
  year={2009},
}

@inproceedings{bi:PAL,
  title={Learning to solve np-complete problems: A graph neural network for decision tsp},
  author={Prates, Marcelo and Avelar, Pedro HC and Lemos, Heitor and others},
  booktitle={Proceedings of the AAAI Conference on Artificial Intelligence},
  volume={33},
  number={01},
  pages={4731--4738},
  year={2019},
}

@article{bi:BK,
  title={Training variational quantum algorithms is NP-hard},
  author={Bittel, Leonardo and Kliesch, Andreas},
  journal={Physical review letters},
  volume={127},
  number={12},
  pages={120502},
  year={2021},
}

@article{bi:GG,
  title={QAOA for Max-Cut requires hundreds of qubits for quantum speed-up},
  author={Guerreschi, Gian Giacomo and Matsuura, Alexandre Y},
  journal={Scientific reports},
  volume={9},
  number={1},
  pages={6903},
  year={2019},
}

@article{turing1936computable,
  title={On computable numbers, with an application to the Entscheidungsproblem},
  author={Turing, Alan Mathison and others},
  journal={J. of Math},
  volume={58},
  number={345-363},
  pages={5},
  year={1936},
  publisher={Wiley Online Library}
}

@inproceedings{Cook1971,
  author = {Cook, Stephen A.},
  title = {The Complexity of Theorem Proving Procedures},
  booktitle = {Proceedings of the Third Annual ACM Symposium on Theory of Computing},
  pages = {151--158},
  year = {1971},
  publisher = {ACM},
  address = {Shaker Heights, Ohio, USA}
}

@article{radford2018improving,
  title={Improving language understanding by generative pre-training},
  author={Radford, Alec and Narasimhan, Karthik and Salimans, Tim and Sutskever, Ilya and others},
  year={2018},
  publisher={San Francisco, CA, USA}
}

@misc{ClayMath_PNP,
  author = {{Clay Mathematics Institute}},
  title = {{P vs NP Problem}},
  howpublished = {\url{https://www.claymath.org/millennium/p-vs-np/}},
  year = {2000},
  note = {Accessed: [Current Date, e.g., 2025-06-15]},
  url = {https://www.claymath.org/millennium/p-vs-np/}
}

@article{held1962dynamic,
  title={A dynamic programming approach to sequencing problems},
  author={Held, Michael and Karp, Richard M},
  journal={Journal of the Society for Industrial and Applied mathematics},
  volume={10},
  number={1},
  pages={196--210},
  year={1962},
  publisher={SIAM}
}

@book{applegate2006traveling,
  title={The traveling salesman problem: a computational study},
  author={Applegate, David L},
  volume={17},
  year={2006},
  publisher={Princeton university press}
}

@book{cormen2022introduction,
  title={Introduction to algorithms},
  author={Cormen, Thomas H and Leiserson, Charles E and Rivest, Ronald L and Stein, Clifford},
  year={2022},
  publisher={MIT press}
}

@article{lin1973effective,
  title={An effective heuristic algorithm for the traveling-salesman problem},
  author={Lin, Shen and Kernighan, Brian W},
  journal={Operations research},
  volume={21},
  number={2},
  pages={498--516},
  year={1973},
  publisher={Informs}
}

@inproceedings{christofides2022worst,
  title={Worst-case analysis of a new heuristic for the travelling salesman problem},
  author={Christofides, Nicos},
  booktitle={Operations Research Forum},
  volume={3},
  number={1},
  pages={20},
  year={2022},
  organization={Springer}
}

@article{dorigo1996ant,
  title={Ant system: optimization by a colony of cooperating agents},
  author={Dorigo, Marco and Maniezzo, Vittorio and Colorni, Alberto},
  journal={IEEE transactions on systems, man, and cybernetics, part b (cybernetics)},
  volume={26},
  number={1},
  pages={29--41},
  year={1996},
  publisher={Ieee}
}

@book{holland1992adaptation,
  title={Adaptation in natural and artificial systems: an introductory analysis with applications to biology, control, and artificial intelligence},
  author={Holland, John H},
  year={1992},
  publisher={MIT press}
}

@article{kirkpatrick1983optimization,
  title={Optimization by simulated annealing},
  author={Kirkpatrick, Scott and Gelatt Jr, C Daniel and Vecchi, Mario P},
  journal={science},
  volume={220},
  number={4598},
  pages={671--680},
  year={1983},
  publisher={American association for the advancement of science}
}

@article{lecun2002gradient,
  title={Gradient-based learning applied to document recognition},
  author={LeCun, Yann and Bottou, L{\'e}on and Bengio, Yoshua and Haffner, Patrick},
  journal={Proceedings of the IEEE},
  volume={86},
  number={11},
  pages={2278--2324},
  year={2002},
  publisher={Ieee}
}

@article{silver2016mastering,
  title={Mastering the game of Go with deep neural networks and tree search},
  author={Silver, David and Huang, Aja and Maddison, Chris J and Guez, Arthur and Sifre, Laurent and Van Den Driessche, George and Schrittwieser, Julian and Antonoglou, Ioannis and Panneershelvam, Veda and Lanctot, Marc and others},
  journal={nature},
  volume={529},
  number={7587},
  pages={484--489},
  year={2016},
  publisher={Nature Publishing Group}
}

@incollection{jordan1997serial,
  title={Serial order: A parallel distributed processing approach},
  author={Jordan, Michael I},
  booktitle={Advances in psychology},
  volume={121},
  pages={471--495},
  year={1997},
  publisher={Elsevier}
}

@article{vaswani2017attention,
  title={Attention is all you need},
  author={Vaswani, Ashish and Shazeer, Noam and Parmar, Niki and Uszkoreit, Jakob and Jones, Llion and Gomez, Aidan N and Kaiser, {\L}ukasz and Polosukhin, Illia},
  journal={Advances in neural information processing systems},
  volume={30},
  year={2017}
}